@article{Pontecorvo1957,
  author       = {B. Pontecorvo},
  title        = {Mesonium and anti-mesonium},
  journal      = {Zh. Eksp. Teor. Fiz.},
  volume       = {33},
  year         = {1957},
  pages        = {549--551},
  note         = {[Sov. Phys. JETP 6 (1958) 429]},
}

@article{Pontecorvo1958b,
  author       = {B. Pontecorvo},
  title        = {Inverse beta processes and nonconservation of lepton charge},
  journal      = {Sov. Phys. JETP},
  volume       = {7},
  year         = {1958},
  pages        = {172--173},
  note         = {[Zh. Eksp. Teor. Fiz. 34 (1957) 247]},
}

@article{Fukuda1998,
  author  = {Y. Fukuda and et al.},
  title   = {Evidence for Oscillation of Atmospheric Neutrinos},
  journal = {Phys. Rev. Lett.},
  volume  = {81},
  year    = {1998},
  pages   = {1562--1567},
}

@article{Ahmad2002,
  author  = {Q. Ahmad and et al.},
  title   = {Measurement of the Rate of $\nu_e + d \to p + p + e^-$ Interactions Produced by $^8$B Solar Neutrinos at the Sudbury Neutrino Observatory},
  journal = {Phys. Rev. Lett.},
  volume  = {89},
  year    = {2002},
  pages   = {011301},
}

@article{Eguchi2003,
  author  = {K. Eguchi and et al.},
  title   = {First Results from KamLAND: Evidence for Reactor Antineutrino Disappearance},
  journal = {Phys. Rev. Lett.},
  volume  = {90},
  year    = {2003},
  pages   = {093004},
  eprint  = {hep-ex/0212021},
  archivePrefix = {arXiv},
  primaryClass = {hep-ex},
}

@article{Abe2011,
  author  = {K. Abe and et al.},
  title   = {Indication of Electron Neutrino Appearance from an Accelerator-produced Off-axis Muon Neutrino Beam},
  journal = {Phys. Rev. Lett.},
  volume  = {107},
  year    = {2011},
  pages   = {041801},
}

@article{An2012,
  author  = {F. An and et al.},
  title   = {Observation of Electron-Antineutrino Disappearance at Daya Bay},
  journal = {Phys. Rev. Lett.},
  volume  = {108},
  year    = {2012},
  pages   = {171803},
}

@article{Ahn2012,
  author  = {J. Ahn and et al.},
  title   = {Observation of Reactor Electron Antineutrino Disappearance in the RENO Experiment},
  journal = {Phys. Rev. Lett.},
  volume  = {108},
  year    = {2012},
  pages   = {191802},
}

@article{Abe2012D,
  author  = {Y. Abe and et al.},
  title   = {Indication for the disappearance of reactor electron antineutrinos in the Double Chooz experiment},
  journal = {Phys. Rev. D},
  volume  = {86},
  year    = {2012},
  pages   = {052008},
}

@article{Abe2014,
  author  = {K. Abe and et al.},
  title   = {Observation of Electron Neutrino Appearance in a Muon Neutrino Beam},
  journal = {Phys. Rev. Lett.},
  volume  = {112},
  year    = {2014},
  pages   = {061802},
}

@article{Adamson2017,
  author         = {P. Adamson and et al.},
  title          = {Constraints on oscillation parameters from $\nu_e$ appearance and $\nu_\mu$ disappearance in NOvA},
  year           = {2017},
  eprint         = {1703.03328},
  archivePrefix  = {arXiv},
  primaryClass   = {hep-ex},
  note           = {arXiv:1703.03328 [hep-ex]},
}

@article{Maki1962,
  author  = {Z. Maki and M. Nakagawa and S. Sakata},
  title   = {Remarks on the Unified Model of Elementary Particles},
  journal = {Progress of Theoretical Physics},
  volume  = {28},
  year    = {1962},
  pages   = {870--880},
}

@article{Pontecorvo1967,
  author  = {B. Pontecorvo},
  title   = {Neutrino Experiments and the Problem of Conservation of Leptonic Charge},
  journal = {Zh. Eksp. Teor. Fiz.},
  volume  = {53},
  year    = {1967},
  pages   = {1717},
  note    = {[Sov. Phys. JETP 26 (1968) 984]},
}

@article{Gribov1969,
  author  = {V. N. Gribov and B. Pontecorvo},
  title   = {Neutrino astronomy and lepton charge},
  journal = {Phys. Lett. B},
  volume  = {28},
  year    = {1969},
  pages   = {493--496},
}

@article{Mohapatra2007,
  author  = {R. N. Mohapatra and et al.},
  title   = {Theory of neutrinos: A white paper},
  journal = {Reports on Progress in Physics},
  volume  = {70},
  year    = {2007},
  pages   = {1757--1867},
}

@article{Cabibbo1963,
  author  = {N. Cabibbo},
  title   = {Unitary Symmetry and Leptonic Decays},
  journal = {Phys. Rev. Lett.},
  volume  = {10},
  year    = {1963},
  pages   = {531--533},
}

@article{Kobayashi1973,
  author  = {M. Kobayashi and T. Maskawa},
  title   = {CP-Violation in the Renormalizable Theory of Weak Interaction},
  journal = {Progress of Theoretical Physics},
  volume  = {49},
  year    = {1973},
  pages   = {652--657},
}

@article{Fukugita1986,
  author  = {M. Fukugita and T. Yanagida},
  title   = {Baryogenesis Without Grand Unification},
  journal = {Phys. Lett. B},
  volume  = {174},
  year    = {1986},
  pages   = {45--47},
}

@article{Davidson2008,
  author  = {S. Davidson and E. Nardi and Y. Nir},
  title   = {Leptogenesis},
  journal = {Physics Reports},
  volume  = {466},
  year    = {2008},
  pages   = {105--177},
}

@article{Minkowski1977,
  author  = {P. Minkowski},
  title   = {$\mu \to e\gamma$ at a Rate of One Out of 10$^{9}$ Muon Decays?},
  journal = {Phys. Lett. B},
  volume  = {67},
  year    = {1977},
  pages   = {421--428},
}

@inproceedings{GellMann1979,
  author    = {M. Gell-Mann and P. Ramond and R. Slansky},
  title     = {Complex Spinors and Unified Theories},
  booktitle = {Supergravity},
  editor    = {P. van Nieuwenhuizen and D. Z. Freedman},
  series    = {North-Holland Physics Publishing},
  volume    = {C 790927},
  year      = {1979},
  pages     = {315--321},
  address   = {Amsterdam},
  note      = {Published in the Proceedings of the Workshop on Supergravity, Stony Brook, New York, 27-29 Sept 1979},
}

@inproceedings{Yanagida1979,
  author    = {T. Yanagida},
  title     = {Horizontal Symmetry and Masses of Neutrinos},
  booktitle = {Proceedings of the Workshop on the Unified Theory and the Baryon Number in the Universe},
  series    = {Conf. Proc. C 7902131},
  year      = {1979},
  pages     = {95--99},
  address   = {Tsukuba, Japan},
  note      = {Workshop held at KEK, Tsukuba, February 1979},
}

@inproceedings{Glashow1980,
  author    = {S. L. Glashow},
  title     = {The Future of Elementary Particle Physics},
  booktitle = {Proceedings of the 1979 Cargèse Summer Institute on Quarks and Leptons},
  series    = {NATO Science Series B: Physics},
  volume    = {61},
  year      = {1980},
  pages     = {687--713},
  address   = {Plenum Press},
  note      = {Cargèse, France, 1979},
}

@article{Mohapatra1980,
  author  = {R. N. Mohapatra and G. Senjanovi\'c},
  title   = {Neutrino Mass and Spontaneous Parity Nonconservation},
  journal = {Phys. Rev. Lett.},
  volume  = {44},
  year    = {1980},
  pages   = {912--915},
}

@book{FukugitaYanagida2003,
  author    = {M. Fukugita and T. Yanagida},
  title     = {Physics of Neutrinos and Applications to Astrophysics},
  publisher = {Springer},
  year      = {2003},
  address   = {Berlin},
  isbn      = {978-3540439645},
}

@book{MohapatraPal2004,
  author    = {R. N. Mohapatra and P. B. Pal},
  title     = {Massive Neutrinos in Physics and Astrophysics},
  edition   = {3rd},
  publisher = {World Scientific},
  year      = {2004},
  address   = {Singapore},
  isbn      = {978-9812380712},
}

@book{GiuntiKim2007,
  author    = {C. Giunti and C. W. Kim},
  title     = {Fundamentals of Neutrino Physics and Astrophysics},
  publisher = {Oxford University Press},
  year      = {2007},
  address   = {Oxford},
  isbn      = {978-0198508717},
}

@book{Bilenky2010,
  author    = {S. M. Bilenky},
  title     = {Introduction to the Physics of Massive and Mixed Neutrinos},
  publisher = {Springer},
  year      = {2010},
  address   = {Berlin},
  isbn      = {978-3642061911},
}

@book{Zuber2011,
  author    = {K. Zuber},
  title     = {Neutrino Physics},
  publisher = {Taylor \& Francis},
  year      = {2011},
  address   = {Boca Raton},
  isbn      = {978-1439830757},
}

@book{Barger2012,
  author    = {V. Barger and D. Marfatia and K. Whisnant},
  title     = {The Physics of Neutrinos},
  publisher = {Princeton University Press},
  year      = {2012},
  address   = {Princeton, NJ},
  isbn      = {978-0691157496},
}

@book{ValleRomao2015,
  author    = {J. W. F. Valle and J. C. Rom\~ao},
  title     = {Neutrinos in High Energy and Astroparticle Physics},
  publisher = {Wiley-VCH},
  year      = {2015},
  address   = {Weinheim},
  isbn      = {978-3527411013},
}

@book{Suekane2015,
  author    = {F. Suekane},
  title     = {Neutrino Oscillations},
  publisher = {Springer},
  year      = {2015},
  address   = {Tokyo},
  isbn      = {978-4431556962},
}

@article{Patrignani2016,
  author       = {C. Patrignani and others},
  title        = {Review of Particle Physics},
  journal      = {Chin. Phys. C},
  volume       = {40},
  year         = {2016},
  pages        = {100001},
}

@article{Blennow2013,
  author       = {M. Blennow and A. Yu. Smirnov},
  title        = {Neutrino Propagation in Matter},
  journal      = {Adv. High Energy Phys.},
  volume       = {2013},
  year         = {2013},
  pages        = {972485},
}

@article{Kuo1989,
  author       = {T.-K. Kuo and J.T. Pantaleone},
  title        = {Neutrino Oscillations in Matter},
  journal      = {Rev. Mod. Phys.},
  volume       = {61},
  year         = {1989},
  pages        = {937--979},
}

@article{Ianni2017,
  author       = {A. Ianni},
  title        = {Solar Neutrinos and the Borexino Experiment},
  journal      = {Prog. Part. Nucl. Phys.},
  volume       = {94},
  year         = {2017},
  pages        = {257--281},
}

@article{Lachenmaier2015,
  author       = {T. Lachenmaier},
  title        = {The Borexino Experiment},
  journal      = {Prog. Part. Nucl. Phys.},
  volume       = {83},
  year         = {2015},
  pages        = {31--58},
}

@article{Qian2015,
  author       = {X. Qian and P. Vogel},
  title        = {Neutrino Mass Hierarchy},
  journal      = {Prog. Part. Nucl. Phys.},
  volume       = {83},
  year         = {2015},
  pages        = {1--30},
}

@article{Abazajian2012,
  author       = {K.N. Abazajian and others},
  title        = {Light Sterile Neutrinos: A White Paper},
  journal      = {arXiv preprint},
  year         = {2012},
  eprint       = {1204.5379},
  archivePrefix= {arXiv},
  primaryClass = {hep-ph},
}

@article{Gariazzo2016,
  author       = {S. Gariazzo and C. Giunti and M. Laveder and Y.F. Li and E.M. Zavanin},
  title        = {Light sterile neutrinos},
  journal      = {J. Phys. G},
  volume       = {43},
  number       = {3},
  pages        = {033001},
  year         = {2016},
}

@article{Bilenky2013,
  author       = {S.M. Bilenky},
  title        = {Introduction to the physics of massive and mixed neutrinos},
  journal      = {Eur. Phys. J. H},
  volume       = {38},
  pages        = {345--404},
  year         = {2013},
}
























